@inproceedings{2005-goldstein-etal,
  author = {Goldstein, Avraham and Kolman, Petr and Zheng, Jie},
  title = {{Minimum Common String Partition Problem: {Hardness} and
           Approximations}},
  booktitle = {{Proceedings of the 15th International Symposium on Algorithms
               and Computation (ISAAC'2004)}},
  year = {2005},
  address = {Berlin, Heidelberg},
  pages = {484--495},
}

@article{2005-chen-etal,
  author = {Chen, Xin and Zheng, Jie and Fu, Zheng and Nan, Peng and Zhong, Yang
            and Lonardi, Stefano and Jiang, Tao},
  title = {Assignment of Orthologous Genes via Genome Rearrangement},
  journal = {{IEEE/ACM Transactions on Computational Biology and Bioinformatics}
             },
  year = {2005},
  volume = {2},
  number = {4},
  pages = {302-315},
  address = {Los Alamitos, CA, USA},
  publisher = {Institute of Electrical and Electronics Engineers (IEEE)},
}

@article{2007-cormode-muthukrishnan,
  author = {Cormode, Graham and Muthukrishnan, S.},
  title = {The string edit distance matching problem with moves},
  journal = {ACM Transactions on Algorithms},
  volume = {3},
  number = {1},
  year = {2007},
  pages = {1-19},
  publisher = {Association for Computing Machinery (ACM)},
  address = {New York, NY, USA},
}

@article{2007-kolman-walen,
  author = {Kolman, Petr and Wale\'{n}, Tomasz},
  title = {Approximating reversal distance for strings with bounded number of
           duplicates},
  journal = {Discrete Applied Mathematics},
  volume = {155},
  number = {3},
  pages = {327-336},
  year = {2007},
  publisher = {Elsevier BV},
}

@inproceedings{2007-kolman-walen-2,
  author = {Kolman, Petr and Wale\'{n}, Tomasz},
  title = {{Reversal Distance for Strings with Duplicates: {Linear} Time
           Approximation Using Hitting Set}},
  booktitle = {{Proceedings of the 4th International Workshop on Approximation
               and Online Algorithms (WAOA'2006)}},
  year = {2007},
  address = {Berlin, Heidelberg},
  series = {{Lecture Notes in Computer Science}},
  volume = {4368},
  pages = {279--289},
}

@article{2021-siqueira-etal-2,
  author = {Siqueira, Gabriel and Alexandrino, Alexsandro Oliveira and Oliveira,
            Andre Rodrigues and Dias, Zanoni},
  title = {Approximation algorithm for rearrangement distances considering
           repeated genes and intergenic regions},
  journal = {Algorithms for Molecular Biology},
  year = {2021},
  day = {13},
  volume = {16},
  number = {1},
  pages = {21},
  publisher = {Springer Science and Business Media LLC},
}

@inproceedings{2004-chrobak-etal,
  author = {Chrobak, Marek and Kolman, Petr and Sgall, Ji{\v{r}}{\'i}},
  title = {{The Greedy Algorithm for the Minimum Common String Partition Problem
           }},
  booktitle = {{Proceedings of the 7th International Workshop on Approximation
               Algorithms for Combinatorial Optimization Problems (APPROX'2004),
               and 8th International Workshop on Randomization and Computation
               (RANDOM'2004)}},
  year = {2004},
  publisher = {Springer Berlin Heidelberg},
  address = {Berlin, Heidelberg},
  pages = {84--95},
}

@article{2014-goldstein-lewenstein,
  author = {Goldstein, Isaac and Lewenstein, Moshe},
  title = {Quick greedy computation for minimum common string partition},
  journal = {Theoretical Computer Science},
  volume = {542},
  pages = {98-107},
  year = {2014},
  publisher = {Elsevier BV},
}

@inproceedings{2007-he,
  author = {He, Dan},
  title = {A Novel Greedy Algorithm for the Minimum Common String Partition
           Problem},
  booktitle = {Bioinformatics Research and Applications},
  year = {2007},
  publisher = {Springer Berlin Heidelberg},
  address = {Berlin, Heidelberg},
  pages = {441--452},
}

@article{2017-ferdous-rahman,
  author = {Ferdous, S.M. and Rahman, Mohammad Sohel},
  year = {2017},
  pages = {233-249},
  title = {Solving the Minimum Common String Partition Problem with the Help of
           Ants},
  volume = {11},
  journal = {Mathematics in Computer Science},
  number = {2},
}

@article{2015-blum-etal,
  author = {Blum, Christian and Lozano, Jos{\'e} A. and Davidson, Pinacho},
  title = {Mathematical programming strategies for solving the minimum common
           string partition problem},
  journal = {European Journal of Operational Research},
  year = {2015},
  volume = {242},
  number = {3},
  pages = {769-777},
  publisher = {Elsevier BV},
}

@article{2015-blum-raidl,
  author = {Blum, Christian and Raidl, Günther R.},
  year = {2015},
  pages = {189-205},
  title = {Computational performance evaluation of two integer linear
           programming models for the minimum common string partition problem},
  volume = {10},
  journal = {Optimization Letters},
  number = {1},
  publisher = {Springer Science and Business Media LLC},
}

@article{2016-blum-etal,
  author = {Blum, Christian and Pinacho, Pedro and L{\'o}pez-Ibáñez, Manuel and
            Lozano, Jos{\'e} A.},
  title = {Construct, Merge, Solve \& Adapt A new general algorithm for
           combinatorial optimization},
  journal = {Computers \& Operations Research},
  volume = {68},
  pages = {75-88},
  year = {2016},
  publisher = {Elsevier BV},
}

@article{2018-blum,
  author = {Blum, Christian},
  title = {Minimum common string partition: {On} solving large-scale problem
           instances},
  journal = {International Transactions in Operational Research},
  volume = {27},
  number = {1},
  pages = {91-111},
  keywords = {minimum common string partition, large-scale problem instances,
              reduced variable neighborhood search},
  year = {2018},
  publisher = {Wiley},
}

@article{2010-jiang-etal,
  author = {Jiang, Haitao and Zhu, Binhai and Zhu, Daming and Zhu, Hong},
  title = {Minimum common string partition revisited},
  journal = {Journal of Combinatorial Optimization},
  year = {2010},
  volume = {23},
  number = {4},
  pages = {519-527},
  publisher = {Springer Science and Business Media LLC},
}

@incollection{2013-bulteau-etal,
  author = {Bulteau, Laurent and Fertin, Guillaume and Komusiewicz, Christian
            and Rusu, Irena},
  title = {A Fixed-Parameter Algorithm for Minimum Common String Partition with
           Few Duplications},
  booktitle = {{Algorithms in Bioinformatics}},
  pages = {244-258},
  publisher = {Springer Berlin Heidelberg},
  year = {2013},
}

@inproceedings{2013-bulteau-komusiewicz,
  author = {Bulteau, Laurent and Komusiewicz, Christian},
  title = {Minimum Common String Partition Parameterized by Partition Size Is
           Fixed-Parameter Tractable},
  booktitle = {Proceedings of the 25th Annual ACM-SIAM Symposium on Discrete
               Algorithms (SODA'2013)},
  year = {2013},
  publisher = {Society for Industrial and Applied Mathematics},
  address = {Berlin, Heidelberg},
  pages = {244--258},
}

@mastersthesis{2021-siqueira,
  author = {Siqueira, Gabriel},
  school = {{Instituto de Computação, Universidade Estadual de Campinas}},
  title = {{Heurísticas para Problemas de Rearranjo de Genomas com Genes
           Multiplicados}},
  year = {2021},
}