%% edite este arquivo para refletir os dados do seu relatório
@techreport{TR-IC-PFG-23-XY,
    number = {IC-PFG-23-XY},
    author = {Leonardo de Sousa Rodrigues
        and Tiago de Paula Alves
        and Gabriel Siqueira
        and Zanoni Dias},
    title = {{Heurísticas para Partição Comum Mínima de Strings}},
    month = {November},
    year = {2023},
    institution = {Instituto de Computação, Universidade Estadual de Campinas},
    note = {In Portuguese, 11 pages.
        \par\selectlanguage{brazil}\textbf{Resumo}
            Boas heurísticas têm grande valor para o problema da partição comum mínima
            de strings (MCSP), já que ele foi provado ser NP-Difícil. Além de apresentar
            implementações para heurísticas conhecidas da literatura, desenvolvemos uma
            representação por grafo eficiente para instâncias do MCSP, reduzindo-o a um
            problema de permutação e permitindo a aplicação de algoritmos de otimização
            para buscar soluções. O \textit{Particle Swarm Optimization} (PSO) foi
            adaptado para esta representação e foi capaz de não só melhorar
            significativamente o resultado das outras heurísticas utilizadas, mas também
            encontrar boas soluções de forma independente, mostrando-se uma
            meta-heurística promissora, principalmente para instâncias com poucas
            repetições de caracteres. Esse trabalho sugere a utilização da representação
            por grafo com outros métodos de otimização para o MCSP.
    }
}
